@article{davies2024seed,
  title={Seed masting as a mechanism for escape from pathogens},
  author={Davies, T Jonathan and MacPherson, Ailene},
  journal={Current Biology},
  volume={34},
  number={4},
  pages={R120--R125},
  year={2024},
  publisher={Elsevier}
}

@article{pearse2016mechanisms,
  title={Mechanisms of mast seeding: resources, weather, cues, and selection},
  author={Pearse, Ian S and Koenig, Walter D and Kelly, Dave},
  journal={New Phytologist},
  volume={212},
  number={3},
  pages={546--562},
  year={2016},
  publisher={Wiley Online Library}
}

@article{kelly1994evolutionary,
  title={The evolutionary ecology of mast seeding},
  author={Kelly, Dave},
  journal={Trends in ecology \& evolution},
  volume={9},
  number={12},
  pages={465--470},
  year={1994},
  publisher={Elsevier Current Trends}
}

@article{kelly2002mast,
  title={Mast seeding in perennial plants: why, how, where?},
  author={Kelly, Dave and Sork, Victoria L},
  journal={Annual review of ecology and systematics},
  volume={33},
  number={1},
  pages={427--447},
  year={2002},
  publisher={Annual Reviews 4139 El Camino Way, PO Box 10139, Palo Alto, CA 94303-0139, USA}
}

@article{koenig2021brief,
  title={A brief history of masting research},
  author={Koenig, Walter D},
  journal={Philosophical Transactions of the Royal Society B},
  volume={376},
  number={1839},
  pages={20200423},
  year={2021},
  publisher={The Royal Society}
}

@article{janzen1971seed,
  title={Seed predation by animals},
  author={Janzen, Daniel H},
  journal={Annual review of ecology and systematics},
  pages={465--492},
  year={1971},
  publisher={JSTOR}
}

@article{satake2021studying,
  title={Studying the genetic basis of masting},
  author={Satake, Akiko and Kelly, Dave},
  journal={Philosophical Transactions of the Royal Society B},
  volume={376},
  number={1839},
  pages={20210116},
  year={2021},
  publisher={The Royal Society}
}

@article{crone2014resource,
  title={Resource depletion, pollen coupling, and the ecology of mast seeding},
  author={Crone, Elizabeth E and Rapp, Joshua M},
  journal={Annals of the New York Academy of Sciences},
  volume={1322},
  number={1},
  pages={21--34},
  year={2014},
  publisher={Wiley Online Library}
}

@article{silvertown1980evolutionary,
  title={The evolutionary ecology of mast seeding in trees},
  author={Silvertown, Jonathan W},
  journal={Biological journal of the Linnean Society},
  volume={14},
  number={2},
  pages={235--250},
  year={1980},
  publisher={Oxford University Press}
}

@article{bogdziewicz2017masting,
  title={Masting in wind-pollinated trees: system-specific roles of weather and pollination dynamics in driving seed production},
  author={Bogdziewicz, Micha{\l} and Szymkowiak, Jakub and Kasprzyk, Idalia and Grewling, {\L}ukasz and Borowski, Zbigniew and Borycka, Katarzyna and Kantorowicz, W{\l}adys{\l}aw and Myszkowska, Dorota and Piotrowicz, Katarzyna and Ziemianin, Monika and others},
  journal={Ecology},
  volume={98},
  number={10},
  pages={2615--2625},
  year={2017},
  publisher={Wiley Online Library}
}

@article{bogdziewicz2020flowering,
  title={Flowering synchrony drives reproductive success in a wind-pollinated tree},
  author={Bogdziewicz, Micha{\l} and Pesendorfer, Mario and Crone, Elizabeth E and P{\'e}rez-Izquierdo, Carlos and Bonal, Raul},
  journal={Ecology Letters},
  volume={23},
  number={12},
  pages={1820--1826},
  year={2020},
  publisher={Wiley Online Library}
}

@book{stearns1998evolution,
  title={The evolution of life histories},
  author={Stearns, Stephen C},
  year={1998},
  publisher={Oxford university press}
}

@article{hacket2016tree,
  title={Tree rings and masting: considering reproductive phenomena when interpreting tree rings?},
  author={Hacket-Pain, AJ and Friend, AD and Lageard, JGA and Thomas, PA},
  journal={Tree Rings in Archaeology, Climatology and Ecology},
  volume={14},
  pages={78--85},
  year={2016}
}

@article{hacket2022mastree+,
  title={MASTREE+: Time-series of plant reproductive effort from six continents},
  author={Hacket-Pain, Andrew and Foest, Jessie J and Pearse, Ian S and LaMontagne, Jalene M and Koenig, Walter D and Vacchiano, Giorgio and Bogdziewicz, Micha{\l} and Caignard, Thomas and Celebias, Paulina and Van Dormolen, Joep and others},
  journal={Global Change Biology},
  volume={28},
  number={9},
  pages={3066--3082},
  year={2022},
  publisher={Wiley Online Library}
}

@article{keenan2014net,
  title={Net carbon uptake has increased through warming-induced changes in temperate forest phenology},
  author={Keenan, Trevor F and Gray, Josh and Friedl, Mark A and Toomey, Michael and Bohrer, Gil and Hollinger, David Y and Munger, J William and Oâ€™Keefe, John and Schmid, Hans Peter and Wing, Ian Sue and others},
  journal={Nature Climate Change},
  volume={4},
  number={7},
  pages={598--604},
  year={2014},
  publisher={Nature Publishing Group UK London}
}

@article{hacket2021climate,
  title={Climate change and plant reproduction: trends and drivers of mast seeding change},
  author={Hacket-Pain, Andrew and Bogdziewicz, Micha{\l}},
  journal={Philosophical Transactions of the Royal Society B},
  volume={376},
  number={1839},
  pages={20200379},
  year={2021},
  publisher={The Royal Society}
}