@article{davies2024seed,
  title={Seed masting as a mechanism for escape from pathogens},
  author={Davies, T Jonathan and MacPherson, Ailene},
  journal={Current Biology},
  volume={34},
  number={4},
  pages={R120--R125},
  year={2024},
  publisher={Elsevier}
}

@article{pearse2016mechanisms,
  title={Mechanisms of mast seeding: resources, weather, cues, and selection},
  author={Pearse, Ian S and Koenig, Walter D and Kelly, Dave},
  journal={New Phytologist},
  volume={212},
  number={3},
  pages={546--562},
  year={2016},
  publisher={Wiley Online Library}
}

@article{kelly1994evolutionary,
  title={The evolutionary ecology of mast seeding},
  author={Kelly, Dave},
  journal={Trends in ecology \& evolution},
  volume={9},
  number={12},
  pages={465--470},
  year={1994},
  publisher={Elsevier Current Trends}
}

@article{kelly2002mast,
  title={Mast seeding in perennial plants: why, how, where?},
  author={Kelly, Dave and Sork, Victoria L},
  journal={Annual review of ecology and systematics},
  volume={33},
  number={1},
  pages={427--447},
  year={2002},
  publisher={Annual Reviews 4139 El Camino Way, PO Box 10139, Palo Alto, CA 94303-0139, USA}
}

@article{koenig2021brief,
  title={A brief history of masting research},
  author={Koenig, Walter D},
  journal={Philosophical Transactions of the Royal Society B},
  volume={376},
  number={1839},
  pages={20200423},
  year={2021},
  publisher={The Royal Society}
}

@article{janzen1971seed,
  title={Seed predation by animals},
  author={Janzen, Daniel H},
  journal={Annual review of ecology and systematics},
  pages={465--492},
  year={1971},
  publisher={JSTOR}
}

@article{satake2021studying,
  title={Studying the genetic basis of masting},
  author={Satake, Akiko and Kelly, Dave},
  journal={Philosophical Transactions of the Royal Society B},
  volume={376},
  number={1839},
  pages={20210116},
  year={2021},
  publisher={The Royal Society}
}

@article{crone2014resource,
  title={Resource depletion, pollen coupling, and the ecology of mast seeding},
  author={Crone, Elizabeth E and Rapp, Joshua M},
  journal={Annals of the New York Academy of Sciences},
  volume={1322},
  number={1},
  pages={21--34},
  year={2014},
  publisher={Wiley Online Library}
}

@article{silvertown1980evolutionary,
  title={The evolutionary ecology of mast seeding in trees},
  author={Silvertown, Jonathan W},
  journal={Biological journal of the Linnean Society},
  volume={14},
  number={2},
  pages={235--250},
  year={1980},
  publisher={Oxford University Press}
}

@article{bogdziewicz2017masting,
  title={Masting in wind-pollinated trees: system-specific roles of weather and pollination dynamics in driving seed production},
  author={Bogdziewicz, Micha{\l} and Szymkowiak, Jakub and Kasprzyk, Idalia and Grewling, {\L}ukasz and Borowski, Zbigniew and Borycka, Katarzyna and Kantorowicz, W{\l}adys{\l}aw and Myszkowska, Dorota and Piotrowicz, Katarzyna and Ziemianin, Monika and others},
  journal={Ecology},
  volume={98},
  number={10},
  pages={2615--2625},
  year={2017},
  publisher={Wiley Online Library}
}

@article{bogdziewicz2020flowering,
  title={Flowering synchrony drives reproductive success in a wind-pollinated tree},
  author={Bogdziewicz, Micha{\l} and Pesendorfer, Mario and Crone, Elizabeth E and P{\'e}rez-Izquierdo, Carlos and Bonal, Raul},
  journal={Ecology Letters},
  volume={23},
  number={12},
  pages={1820--1826},
  year={2020},
  publisher={Wiley Online Library}
}

@book{stearns1998evolution,
  title={The evolution of life histories},
  author={Stearns, Stephen C},
  year={1998},
  publisher={Oxford university press}
}

@article{hacket2016tree,
  title={Tree rings and masting: considering reproductive phenomena when interpreting tree rings?},
  author={Hacket-Pain, AJ and Friend, AD and Lageard, JGA and Thomas, PA},
  journal={Tree Rings in Archaeology, Climatology and Ecology},
  volume={14},
  pages={78--85},
  year={2016}
}

@article{hacket2022mastree+,
  title={MASTREE+: Time-series of plant reproductive effort from six continents},
  author={Hacket-Pain, Andrew and Foest, Jessie J and Pearse, Ian S and LaMontagne, Jalene M and Koenig, Walter D and Vacchiano, Giorgio and Bogdziewicz, Micha{\l} and Caignard, Thomas and Celebias, Paulina and Van Dormolen, Joep and others},
  journal={Global Change Biology},
  volume={28},
  number={9},
  pages={3066--3082},
  year={2022},
  publisher={Wiley Online Library}
}

@article{keenan2014net,
  title={Net carbon uptake has increased through warming-induced changes in temperate forest phenology},
  author={Keenan, Trevor F and Gray, Josh and Friedl, Mark A and Toomey, Michael and Bohrer, Gil and Hollinger, David Y and Munger, J William and Oâ€™Keefe, John and Schmid, Hans Peter and Wing, Ian Sue and others},
  journal={Nature Climate Change},
  volume={4},
  number={7},
  pages={598--604},
  year={2014},
  publisher={Nature Publishing Group UK London}
}

@article{hacket2021climate,
  title={Climate change and plant reproduction: trends and drivers of mast seeding change},
  author={Hacket-Pain, Andrew and Bogdziewicz, Micha{\l}},
  journal={Philosophical Transactions of the Royal Society B},
  volume={376},
  number={1839},
  pages={20200379},
  year={2021},
  publisher={The Royal Society}
}

@article{journe2023evolution,
  title={Evolution of masting in plants is linked to investment in low tissue mortality},
  author={Journ{\'e}, Valentin and Hacket-Pain, Andrew and Bogdziewicz, Micha{\l}},
  journal={Nature Communications},
  volume={14},
  number={1},
  pages={7998},
  year={2023},
  publisher={Nature Publishing Group UK London}
}

@article{fernandez2019nutrient,
  title={Nutrient scarcity as a selective pressure for mast seeding},
  author={Fern{\'a}ndez-Mart{\'\i}nez, Marcos and Pearse, Ian and Sardans, Jordi and Sayol, Ferran and Koenig, WD and LaMontagne, Jalene M and Bogdziewicz, Micha{\l} and Collalti, A and Hacket-Pain, Andrew and Vacchiano, Giorgio and others},
  journal={Nature Plants},
  volume={5},
  number={12},
  pages={1222--1228},
  year={2019},
  publisher={Nature Publishing Group UK London}
}

@article{pearse2020biogeography,
  title={Biogeography and phylogeny of masting: do global patterns fit functional hypotheses?},
  author={Pearse, Ian S and LaMontagne, Jalene M and Lordon, Michael and Hipp, Andrew L and Koenig, Walter D},
  journal={New Phytologist},
  volume={227},
  number={5},
  pages={1557--1567},
  year={2020},
  publisher={Wiley Online Library}
}

@article{waller1979models,
  title={Models of mast fruiting in trees},
  author={Waller, Donald M},
  journal={Journal of theoretical biology},
  volume={80},
  number={2},
  pages={223--232},
  year={1979},
  publisher={Elsevier}
}

@techreport{harmon1989mast,
  author={Harmon P and Weeks Jr.},
  title={Mast importance, production, and management},
  institution={U.S. Dept. of Agriculture},
  year={1989}
}

@article{bawa1980evolution,
  title={Evolution of dioecy in flowering plants},
  author={Bawa, Kamaljit Singh},
  journal={Annual review of ecology and systematics},
  volume={11},
  pages={15--39},
  year={1980},
  publisher={JSTOR}
}

@article{knight2005pollen,
  title={Pollen limitation of plant reproduction: pattern and process},
  author={Knight, Tiffany M and Steets, Janette A and Vamosi, Jana C and Mazer, Susan J and Burd, Martin and Campbell, Diane R and Dudash, Michele R and Johnston, Mark O and Mitchell, Randall J and Ashman, Tia-Lynn},
  journal={Annu. Rev. Ecol. Evol. Syst.},
  volume={36},
  number={1},
  pages={467--497},
  year={2005},
  publisher={Annual Reviews}
}

@article{adler2014functional,
  title={Functional traits explain variation in plant life history strategies},
  author={Adler, Peter B and Salguero-G{\'o}mez, Roberto and Compagnoni, Aldo and Hsu, Joanna S and Ray-Mukherjee, Jayanti and Mbeau-Ache, Cyril and Franco, Miguel},
  journal={Proceedings of the National Academy of Sciences},
  volume={111},
  number={2},
  pages={740--745},
  year={2014},
  publisher={National Acad Sciences}
}

@article{lechowicz1984temperate,
  title={Why do temperate deciduous trees leaf out at different times? Adaptation and ecology of forest communities},
  author={Lechowicz, Martin J},
  journal={The American Naturalist},
  volume={124},
  number={6},
  pages={821--842},
  year={1984},
  publisher={University of Chicago Press}
}

@book{bazzaz1997plant,
  title={Plant resource allocation},
  author={Bazzaz, Fakhri A and Grace, John},
  year={1997},
  publisher={Elsevier}
}

@article{finzi2020carbon,
  title={Carbon budget of the Harvard Forest Long-Term Ecological Research site: pattern, process, and response to global change},
  author={Finzi, Adrien C and Giasson, Marc-Andr{\'e} and Barker Plotkin, Audrey A and Aber, John D and Boose, Emery R and Davidson, Eric A and Dietze, Michael C and Ellison, Aaron M and Frey, Serita D and Goldman, Evan and others},
  journal={Ecological Monographs},
  volume={90},
  number={4},
  pages={e01423},
  year={2020},
  publisher={Wiley Online Library}
}

@article{ito2020global,
  title={Global carbon cycle and climate feedbacks in the NASA GISS ModelE2. 1},
  author={Ito, Gen and Romanou, Anastasia and Kiang, Nancy Y and Faluvegi, Gregory and Aleinov, Igor and Ruedy, Reto and Russell, Gary and Lerner, Paul and Kelley, Maxwell and Lo, Ken},
  journal={Journal of Advances in Modeling Earth Systems},
  volume={12},
  number={10},
  pages={e2019MS002030},
  year={2020},
  publisher={Wiley Online Library}
}

@article{friedlingstein2022global,
  title={Global carbon budget 2022},
  author={Friedlingstein, Pierre and O'sullivan, Michael and Jones, Matthew W and Andrew, Robbie M and Gregor, Luke and Hauck, Judith and Le Qu{\'e}r{\'e}, Corinne and Luijkx, Ingrid T and Olsen, Are and Peters, Glen P and others},
  journal={Earth System Science Data},
  volume={14},
  number={11},
  pages={4811--4900},
  year={2022},
  publisher={Copernicus Publications G{\"o}ttingen, Germany}
}

@article{dow2022warm,
  title={Warm springs alter timing but not total growth of temperate deciduous trees},
  author={Dow, Cameron and Kim, Albert Y and Dâ€™Orangeville, Lo{\"\i}c and Gonzalez-Akre, Erika B and Helcoski, Ryan and Herrmann, Valentine and Harley, Grant L and Maxwell, Justin T and McGregor, Ian R and McShea, William J and others},
  journal={Nature},
  volume={608},
  number={7923},
  pages={552--557},
  year={2022},
  publisher={Nature Publishing Group UK London}
}

@article{green2022limits,
  title={The limits of forest carbon sequestration},
  author={Green, Julia K and Keenan, Trevor F},
  journal={Science},
  volume={376},
  number={6594},
  pages={692--693},
  year={2022},
  publisher={American Association for the Advancement of Science}
}

@article{hacket2016consistent,
  title={Consistent limitation of growth by high temperature and low precipitation from range core to southern edge of European beech indicates widespread vulnerability to changing climate},
  author={Hacket-Pain, Andrew J and Cavin, Liam and Friend, Andrew D and Jump, AS},
  journal={European Journal of Forest Research},
  volume={135},
  pages={897--909},
  year={2016},
  publisher={Springer}
}

@article{koenig2020can,
  title={Can mast history be inferred from radial growth? A test using five species of California oaks},
  author={Koenig, Walter D and Knops, Johannes MH and Carmen, William J},
  journal={Forest ecology and management},
  volume={472},
  pages={118233},
  year={2020},
  publisher={Elsevier}
}

@article{bajocco2021characterizing,
  title={Characterizing the climatic niche of mast seeding in beech: Evidences of trade-offs between vegetation growth and seed production},
  author={Bajocco, S and Ferrara, C and Bascietto, M and Alivernini, A and Chirichella, R and Cutini, A and Chianucci, F},
  journal={Ecological Indicators},
  volume={121},
  pages={107139},
  year={2021},
  publisher={Elsevier}
}

@article{redmond2019resource,
  title={Resource allocation trade-offs in a mast-seeding conifer: pi{\~n}on pine prioritizes reproduction over defence},
  author={Redmond, Miranda D and Davis, Thomas Seth and Ferrenberg, Scott and Wion, Andreas P},
  journal={AoB Plants},
  volume={11},
  number={6},
  pages={plz070},
  year={2019},
  publisher={Oxford University Press US}
}

@article{sanchez2011trade,
  title={Trade-offs between vegetative growth and acorn production in Quercus lobata during a mast year: the relevance of crop size and hierarchical level within the canopy},
  author={S{\'a}nchez-Humanes, Bel{\'e}n and Sork, Victoria L and Espelta, Josep Maria},
  journal={Oecologia},
  volume={166},
  pages={101--110},
  year={2011},
  publisher={Springer}
}

@article{patterson2023acorn,
  title={Acorn production, climate, and tree-ring growth of five oak species in southern Appalachian forests},
  author={Patterson, Thomas W and Greenberg, Cathryn H and Hacket-Pain, Andrew},
  journal={Forest Ecology and Management},
  volume={546},
  pages={121310},
  year={2023},
  publisher={Elsevier}
}

@article{lau2010plant,
  title={Plant hormone signaling lightens up: integrators of light and hormones},
  author={Lau, On Sun and Deng, Xing Wang},
  journal={Current opinion in plant biology},
  volume={13},
  number={5},
  pages={571--577},
  year={2010},
  publisher={Elsevier}
}

@book{taiz2002plant,
  title={Plant physiology},
  author={Taiz, Lincoln and Zeiger, Eduardo},
  year={2002},
  publisher={Sinauer associates}
}

@article{anjum2011morphological,
  title={Morphological, physiological and biochemical responses of plants to drought stress},
  author={Anjum, Shakeel Ahmad and Xie, X Yu and Wang, L Chang and Saleem, Muhammad Farrukh and Man, Chen and Lei, Wang and others},
  journal={African journal of agricultural research},
  volume={6},
  number={9},
  pages={2026--2032},
  year={2011},
  publisher={Victoria Island}
}

@article{hsiao1973plant,
  title={Plant responses to water stress},
  author={Hsiao, Theodore C},
  journal={Annual review of plant physiology},
  volume={24},
  number={1},
  pages={519--570},
  year={1973},
  publisher={Palo Alto}
}

@article{bogdziewicz2018correlated,
  title={Correlated seed failure as an environmental veto to synchronize reproduction of masting plants},
  author={Bogdziewicz, Micha{\l} and Steele, Michael A and Marino, Shealyn and Crone, Elizabeth E},
  journal={New Phytologist},
  volume={219},
  number={1},
  pages={98--108},
  year={2018},
  publisher={Wiley Online Library}
}

@article{moreira2015effects,
  title={Effects of climate on reproductive investment in a masting species: assessment of climatic predictors and underlying mechanisms},
  author={Moreira, Xoaqu{\'\i}n and Abdala-Roberts, Luis and Linhart, Yan B and Mooney, Kailen A},
  journal={Journal of Ecology},
  volume={103},
  number={5},
  pages={1317--1324},
  year={2015},
  publisher={Wiley Online Library}
}

@article{schauber2002masting,
  title={Masting by eighteen New Zealand plant species: the role of temperature as a synchronizing cue},
  author={Schauber, Eric M and Kelly, Dave and Turchin, Peter and Simon, Chris and Lee, William G and Allen, Robert B and Payton, Ian J and Wilson, Peter R and Cowan, Phil E and Brockie, RE},
  journal={Ecology},
  volume={83},
  number={5},
  pages={1214--1225},
  year={2002},
  publisher={Wiley Online Library}
}

@article{bogdziewicz2024evolutionary,
  title={Evolutionary ecology of masting: mechanisms, models, and climate change},
  author={Bogdziewicz, Michal and Kelly, Dave and Ascoli, Davide and Caignard, Thomas and Chianucci, Francesco and Crone, Elizabeth E and Fleurot, Emilie and Foest, Jessie J and Gratzer, Georg and Hagiwara, Tomika and others},
  journal={Trends in Ecology \& Evolution},
  year={2024},
  publisher={Elsevier}
}

@article{bogdziewicz2022will,
  title={How will global change affect plant reproduction? A framework for mast seeding trends},
  author={Bogdziewicz, Micha{\l}},
  journal={New Phytologist},
  volume={234},
  number={1},
  pages={14--20},
  year={2022},
  publisher={Wiley Online Library}
}

@article{bogdziewicz2019environmental,
  title={Environmental veto synchronizes mast seeding in four contrasting tree species},
  author={Bogdziewicz, Micha{\l} and {\.Z}ywiec, Magdalena and Espelta, Josep M and Fern{\'a}ndez-Martinez, Marcos and Calama, Rafael and Ledwo{\'n}, Mateusz and McIntire, Eliot and Crone, Elizabeth E},
  journal={The American Naturalist},
  volume={194},
  number={2},
  pages={246--259},
  year={2019},
  publisher={The University of Chicago Press Chicago, IL}
}

@article{sundqvist2013community,
  title={Community and ecosystem responses to elevational gradients: processes, mechanisms, and insights for global change},
  author={Sundqvist, Maja K and Sanders, Nathan J and Wardle, David A},
  journal={Annual review of ecology, evolution, and systematics},
  volume={44},
  number={1},
  pages={261--280},
  year={2013},
  publisher={Annual Reviews}
}

@article{bazzaz1997allocation,
  title={Allocation of resources in plants: state of the science and critical questions},
  author={Bazzaz, Fakhri A},
  journal={Plant resource allocation},
  volume={1},
  pages={1--37},
  year={1997},
  publisher={Academic Press San Diego}
}

@article{venable1989modeling,
  title={Modeling the evolutionary ecology of seed banks},
  author={Venable, D Lawrence},
  journal={Ecology of soil seed banks},
  pages={67--90},
  year={1989},
  publisher={Academic Press}
}

@article{grime1977evidence,
  title={Evidence for the existence of three primary strategies in plants and its relevance to ecological and evolutionary theory},
  author={Grime, J Philip},
  journal={The american naturalist},
  volume={111},
  number={982},
  pages={1169--1194},
  year={1977},
  publisher={University of Chicago Press}
}

@book{burns1990silvics,
  title={Silvics of north America},
  author={Burns, Russell M},
  number={654},
  year={1990},
  publisher={US Department of Agriculture, Forest Service}
}

@book{speer2010fundamentals,
  title={Fundamentals of tree-ring research},
  author={Speer, James H},
  year={2010},
  publisher={University of Arizona Press}
}

@book{cook2013methods,
  title={Methods of dendrochronology: applications in the environmental sciences},
  author={Cook, Edward R and Kairiukstis, Leonardas A},
  year={2013},
  publisher={Springer Science \& Business Media}
}

@article{larrinaga2024resource,
  title={Resource availability and herbivory alter defence-growth-reproduction trade-offs in a masting Mediterranean pine},
  author={Larrinaga, Asier R and Sampedro, Lu{\'\i}s and Zas, Rafael},
  journal={Environmental and Experimental Botany},
  volume={217},
  pages={105546},
  year={2024},
  publisher={Elsevier}
  
}
@article{marks1975relation,
  title={On the relation between extension growth and successional status of deciduous trees of the northeastern United States},
  author={Marks, PL},
  journal={Bulletin of the Torrey Botanical Club},
  pages={172--177},
  year={1975},
  publisher={JSTOR}
}

@article{halle1978architectural,
  title={Architectural variation at the specific level in tropical trees},
  author={Hall{\'e}, FRANCIS and others},
  journal={Tropical trees as living systems},
  pages={209--221},
  year={1978},
  publisher={Cambridge University Press Cambridge}
}

@article{kozlowski1966shoot,
  title={Shoot growth characteristics of heterophyllous woody plants},
  author={Kozlowski, Theodore T and Clausen, J Johanna},
  journal={Canadian Journal of Botany},
  volume={44},
  number={6},
  pages={827--843},
  year={1966},
  publisher={NRC Research Press Ottawa, Canada}
}

@article{nigro2025co,
  title={Co-mast: Harmonized seed production data for woody plants across US long-term research sites},
  author={Nigro, Katherine M and Barton, Jessica H and Macias, Diana and Chaudhary, V Bala and Pearse, Ian S and Bell, David M and Chen, Angel and Cleavitt, Natalie L and Crone, Elizabeth E and Greene, David F and others},
  journal={Ecology},
  volume={106},
  number={1},
  pages={e4463},
  year={2025},
  publisher={Wiley Online Library}
}

@article{korner2007use,
  title={The use of â€˜altitudeâ€™in ecological research},
  author={K{\"o}rner, Christian},
  journal={Trends in ecology \& evolution},
  volume={22},
  number={11},
  pages={569--574},
  year={2007},
  publisher={Elsevier}
}

@article{calvin2023ipcc,
  title={IPCC, 2023: Climate Change 2023: Synthesis Report, Summary for Policymakers. Contribution of Working Groups I, II and III to the Sixth Assessment Report of the Intergovernmental Panel on Climate Change [Core Writing Team, H. Lee and J. Romero (eds.)]. IPCC, Geneva, Switzerland.},
  author={Calvin, Katherine and Dasgupta, Dipak and Krinner, Gerhard and Mukherji, Aditi and Thorne, Peter W and Trisos, Christopher and Romero, Jos{\'e} and Aldunce, Paulina and Barret, Ko and Blanco, Gabriel and others},
  journal={IPCC, 2023: Climate Change 2023: Synthesis Report. Contribution of Working Groups I, II and III to the Sixth Assessment Report of the Intergovernmental Panel on Climate Change [Core Writing Team, H. Lee and J. Romero (eds.)]. IPCC, Geneva, Switzerland.},
  pages={1--34},
  year={2023},
  publisher={Intergovernmental Panel on Climate Change (IPCC)}
}

@article{isagi1997does,
  title={How does masting happen and synchronize?},
  author={Isagi, Y and Sugimura, K and Sumida, A and Ito, H},
  journal={Journal of Theoretical Biology},
  volume={187},
  number={2},
  pages={231--239},
  year={1997},
  publisher={Elsevier}
}

@article{gallagher2017shifts,
  title={Shifts in water availability mediate plant--pollinator interactions},
  author={Gallagher, M Kate and Campbell, Diane R},
  journal={New Phytologist},
  volume={215},
  number={2},
  pages={792--802},
  year={2017},
  publisher={Wiley Online Library}
}

@misc{KewSeedDatabase,
  author = {Royal Botanic Gardens, Kew},
  title = {Seed Information Database (SID)},
  year = {2007},
  url = {https://www.kew.org/science/our-science/projects/seed-information-database},
  note = {Accessed: 2025-04-27}
}

@misc{Moles2015SeedMass,
  author = {Angela Moles},
  title = {Worldwide Seed Mass Dataset},
  year = {2015},
  publisher = {DataONE},
  doi = {10.5063/AA/nceas.113.1},
  url = {https://knb.ecoinformatics.org/view/doi\%3A10.5063\%2FAA\%2Fnceas.113.1},
  note = {Accessed: 2025-04-27}
}

@book{bonner2008woody,
  title={The woody plant seed manual},
  author={Bonner, Franklin T and Karrfalt, Robert P},
  number={727},
  year={2008},
  publisher={Forest Service}
}